@online{Angular,
  author = {Google},
  title = {Angular},
  year = 2016,
  url = {https://angular.io/},
  urldate = {2018-12-01}
}

@online{Dotnet,
  author = {Microsoft},
  title = {.NET},
  year = 2016,
  url = {https://dotnet.microsoft.com/},
  urldate = {2018-12-01}
}