@online{Angular,
  title = {{Angular}},
  howpublished = {\url{https://angular.io}}
}

@online{Dotnet,
  title = {{.NET Core}},
  howpublished = {\url{https://dotnet.microsoft.com}}
}

@online{TypeScript,
  title = {{TypeScript}},
  howpublished = {\url{https://www.typescriptlang.org}}
}

@online{Bootstrap,
  title = {{Bootstrap}},
  howpublished = {\url{https://getbootstrap.com}}
}

@online{MariaDB,
  title = {{MariaDB}},
  howpublished = {\url{https://mariadb.org}}
}

@online{LaTeX,
  title = {{LaTeX}},
  howpublished = {\url{https://www.latex-project.org}}
}

@online{VSCode,
  title = {{Visual Studio Code}},
  howpublished = {\url{https://code.visualstudio.com}}
}

@online{VS,
  title = {{Visual Studio}},
  howpublished = {\url{https://visualstudio.microsoft.com}}
}

@online{Rider,
  title = {{Jetbrains Rider}},
  howpublished = {\url{https://www.jetbrains.com/rider}}
}

@online{GitHub,
  title = {{GitHub}},
  howpublished = {\url{https://github.com}}
}